@inproceedings{benchmarking6dof,
title = "Benchmarking 6DOF Outdoor Visual Localization in Changing Conditions",
author = "Torsten Sattler and Will Maddern and Carl Toft and Akihiko Torii and Lars Hammarstrand and Erik Stenborg and Daniel Safari and Masatoshi Okutomi and Marc Pollefeys and Josef Sivic and Fredrik Kahl and Tomas Pajdla",
year = "2018",
month = dec,
day = "17",
doi = "10.1109/CVPR.2018.00897",
language = "English",
pages = "8601--8610",
booktitle = "Proceedings - 2018 IEEE/CVF Conference on Computer Vision and Pattern Recognition, CVPR 2018",
publisher = "IEEE Computer Society",
address = "United States",
note = "31st Meeting of the IEEE/CVF Conference on Computer Vision and Pattern Recognition, CVPR 2018 ; Conference date: 18-06-2018 Through 22-06-2018",
}

@ARTICLE{6doftrackingmobilear,
  author={Wagner, Daniel and Reitmayr, Gerhard and Mulloni, Alessandro and Drummond, Tom and Schmalstieg, Dieter},
  journal={IEEE Transactions on Visualization and Computer Graphics}, 
  title={Real-Time Detection and Tracking for Augmented Reality on Mobile Phones}, 
  year={2010},
  volume={16},
  number={3},
  pages={355-368},
  doi={10.1109/TVCG.2009.99}}



@Article{6dof2017,
AUTHOR = {Rambach, Jason and Pagani, Alain and Schneider, Michael and Artemenko, Oleksandr and Stricker, Didier},
TITLE = {6DoF Object Tracking based on 3D Scans for Augmented Reality Remote Live Support},
JOURNAL = {Computers},
VOLUME = {7},
YEAR = {2018},
NUMBER = {1},
ARTICLE-NUMBER = {6},
URL = {https://www.mdpi.com/2073-431X/7/1/6},
ISSN = {2073-431X},
DOI = {10.3390/computers7010006}
}

@INPROCEEDINGS{6DOFfuturework,
  author={Clark, Ronald and Wang, Sen and Wen, Hongkai and Trigoni, Niki and Markham, Andrew},
  booktitle={2016 IEEE-RAS 16th International Conference on Humanoid Robots (Humanoids)}, 
  title={Increasing the efficiency of 6-DoF visual localization using multi-modal sensory data}, 
  year={2016},
  volume={},
  number={},
  pages={973-980},
  doi={10.1109/HUMANOIDS.2016.7803390}}



@INPROCEEDINGS{buildingromeinaday,
  author={Agarwal, Sameer and Snavely, Noah and Simon, Ian and Seitz, Steven M. and Szeliski, Richard},
  booktitle={2009 IEEE 12th International Conference on Computer Vision}, 
  title={Building Rome in a day}, 
  year={2009},
  volume={},
  number={},
  pages={72-79},
  doi={10.1109/ICCV.2009.5459148}}

@article{hlocatlargescale,
  author       = {Paul{-}Edouard Sarlin and
                  Cesar Cadena and
                  Roland Siegwart and
                  Marcin Dymczyk},
  title        = {From Coarse to Fine: Robust Hierarchical Localization at Large Scale},
  journal      = {CoRR},
  volume       = {abs/1812.03506},
  year         = {2018},
  url          = {http://arxiv.org/abs/1812.03506},
  eprinttype    = {arXiv},
  eprint       = {1812.03506},
  timestamp    = {Tue, 13 Apr 2021 10:56:09 +0200},
  biburl       = {https://dblp.org/rec/journals/corr/abs-1812-03506.bib},
  bibsource    = {dblp computer science bibliography, https://dblp.org}
}

@inproceedings{hloc,
  title     = {From Coarse to Fine: Robust Hierarchical Localization at Large Scale},
  author    = {Paul-Edouard Sarlin and
               Cesar Cadena and
               Roland Siegwart and
               Marcin Dymczyk},
  booktitle = {CVPR},
  year      = {2019}
}

@inproceedings{sarlin2020superglue,
  title     = {{SuperGlue}: Learning Feature Matching with Graph Neural Networks},
  author    = {Paul-Edouard Sarlin and
               Daniel DeTone and
               Tomasz Malisiewicz and
               Andrew Rabinovich},
  booktitle = {CVPR},
  year      = {2020},
}

@inproceedings{schoenberger2016sfm,
    author={Sch\"{o}nberger, Johannes Lutz and Frahm, Jan-Michael},
    title={Structure-from-Motion Revisited},
    booktitle={Conference on Computer Vision and Pattern Recognition (CVPR)},
    year={2016},
}

@inproceedings{schoenberger2016mvs,
    author={Sch\"{o}nberger, Johannes Lutz and Zheng, Enliang and Pollefeys, Marc and Frahm, Jan-Michael},
    title={Pixelwise View Selection for Unstructured Multi-View Stereo},
    booktitle={European Conference on Computer Vision (ECCV)},
    year={2016},
}

@article{DBLP:journals/corr/abs-1710-02728,
  author       = {Ebrahim Karami and
                  Mohamed S. Shehata and
                  Andrew J. Smith},
  title        = {Image Identification Using {SIFT} Algorithm: Performance Analysis
                  against Different Image Deformations},
  journal      = {CoRR},
  volume       = {abs/1710.02728},
  year         = {2017},
  url          = {http://arxiv.org/abs/1710.02728},
  eprinttype    = {arXiv},
  eprint       = {1710.02728},
  timestamp    = {Mon, 13 Aug 2018 16:47:19 +0200},
  biburl       = {https://dblp.org/rec/journals/corr/abs-1710-02728.bib},
  bibsource    = {dblp computer science bibliography, https://dblp.org}
}

@article{unityengine,
author = {Hussain, Afzal and Shakeel, Haad and Hussain, Faizan and Uddin, Nasir and Ghouri, Turab},
year = {2020},
month = {10},
pages = {},
title = {Unity Game Development Engine: A Technical Survey},
volume = {4},
journal = {University of Sindh Journal of Information and Communication Technology}
}

@article{uuid,
author = {Leach, Paul and Mealling, Michael and Salz, R.},
year = {2005},
month = {01},
pages = {},
title = {A Universally Unique IDentifier (UUID) URN Namespace}
}

@article{SQLite3,
author = {Allen, Grant and Owens, Mike},
year = {2010},
month = {01},
pages = {},
title = {SQLite Design and Concepts},
isbn = {978-1-4302-3225-4},
doi = {10.1007/978-1-4302-3226-1_5}
}